@Book{Cowan:1998,
 author		={Glen Cowan},
 title		={Statistical Data Analysis},
 publisher	={Oxford Science Publications},
 address	={Clarendon Press, Oxford},
 year	=1998,					}

@Book{QSigEx:HTML,
 author		={Pierre-Luc Drouin},
 title		={QSigEx Classes and Members Reference Guide},
 organization	={Physice Department},
 address	={Carleton University, Ottawa},
 publisher	={http://www.physics.carleton.ca/research/sno/anal/software/qsigex.html},
}

@Article{Karlen:1998,
 author		={Dean Karlen},
 title		={Using Projections and Correlations to Approximate Probability Distributions},
 journal	={Computers in Physics},
 year		=1998,
}

@unpublished{root,
author={R. Brun \& F. Rademakers},
title={{\it ROOT}},
note={http://root.cern.ch}
}
